@misc{ref1,
        author = "Firuza, Aibara",
        title = "LaTeX - Fundamental Research Group - IIT Bombay",
        year="2016",
    howpublished="\url{http://www.it.iitb.ac.in/frg/wiki/index.php/LaTeX/}"
}
@book{ref2,
        author="Leslie, Lamport",
        title="\textit{Latex}",
        publisher="Addison-Wesley",
        year="1994"
}
@book{ref3,
        author="Helmut, Kopa and Patrick, W, Daly",
        title="A guide to latex",
        year="1995"
}        
@book{ref4,
        author="Michael, Downes",
        title="\textit{Short math guide for Latex}",
        publisher="American Mathematical Society",
        year="2002"
}