create References here looking at the LaTeX Doc.
